
@article{kelton1963infrared,
  title={Infrared target and background radiometric measurements---{C}oncepts
units and techniques},
  author={Kelton, Gilbert and Levy, G. F. and Bell, Ely and Biberman, Lucien M.
and Brown, George E. and Hamilton, John N. and Jones, R. Clark and Lowe, D. S.
and Paulson, Roy and Zissis, George J. and others},
  journal={Infrared Physics},
  volume={3},
  number={3},
  pages={139--169},
  year={1963},
  publisher={Elsevier}
}

@article{bell59,
    author={Bell, E. E.},
    journal={Proceedings of the IRE},
    title={Radiometric Quantities, Symbols, and Units},
    year={1959},
    month={Sept},
    volume={47},
    number={9},
    pages={1432--1434},
    keywords={Area measurement;Optical fiber communication;Physics;Power
    measurement;Q measurement;Radiometry;Solids},
    doi={10.1109/JRPROC.1959.287031},
    ISSN={0096-8390},
}

@book{jenkins50,
  title={Fundamentals of Optics},
  author={Jenkins, F. A. and White, H. E.},
  publisher={McGraw-Hill},
  edition= {Second},
  pages = {104--108},
  year = {1950},
  address = {New York},
}

@book{planck57,
  title={Theory of heat},
  author={Planck, M.},
  series={Introduction to Theoretical Physics},
  volume={5},
  chapter={2},
  year={1957},
  publisher={Macmillan},
  addendum = {Translation by E. L. Brose, originally published in 1914}
}

@book{richtmyer47,
  title={Introduction to Modern Physics},
  author={Richtmyer, F. K. and Kennard, E. H.},
  year={1947},
  pages={145},
  edition={Fourth},
  publisher={McGraw-Hill},
  address = {New York},
}

@book{martin60,
  title={Technical optics},
  author={Martin, L. C.},
  series={Technical Optics},
  edition={Second},
  volume={2},
  year={1960},
  publisher={Sir Isaac Pitman \& Sons},
  address={London},
}

@article{jones53,
    author  = {R. Clark Jones},
    journal = {J. Opt. Soc. Am.},
    keywords = {},
    number = {2},
    pages = {138--143},
    publisher = {OSA},
    title = {On Reversibility and Irreversibility in Optics},
    volume = {43},
    month = {Feb},
    year = {1953},
    url = {http://www.opticsinfobase.org/abstract.cfm?URI=josa-43-2-138},
    doi = {10.1364/JOSA.43.000138},
}

@article{jones60,
    author  = {R. Clark Jones},
    journal = {J. Opt. Soc. Am.},
    keywords = {},
    number = {11},
    pages = {1058--1059},
    publisher = {OSA},
    title = {Proposal of the Detectivity {D$\ast$$\ast$} for Detectors Limited
by    Radiation Noise},
    volume = {50},
    month = {Nov},
    year = {1960},
    url = {http://www.opticsinfobase.org/abstract.cfm?URI=josa-50-11-1058},
    doi = {10.1364/JOSA.50.001058},
}

@article{jones62a,
    author = {R. Clark Jones},
    journal = {Appl. Opt.},
    keywords = {},
    number = {5},
    pages = {607--613},
    publisher = {OSA},
    title = {Immersed Radiation Detectors},
    volume = {1},
    month = {Sep},
    year = {1962},
    url = {http://ao.osa.org/abstract.cfm?URI=ao-1-5-607},
    doi = {10.1364/AO.1.000607},
}

@article{jones62b,
    author = {R. Clark Jones},
    journal = {J. Opt. Soc. Am.},
    keywords = {},
    number = {7},
    pages = {747--750},
    publisher = {OSA},
    title = {Ultimate Performance of Polarizers for Visible Light},
    volume = {52},
    month = {Jul},
    year = {1962},
    url = {http://www.opticsinfobase.org/abstract.cfm?URI=josa-52-7-747},
    doi = {10.1364/JOSA.52.000747},
}

@article{connes58,
    author = {P. Connes},
    journal = {J. Phys. Radium},
    number = 3,
    volume = 19,
    month = {March},
    pages = {262--269},
    title = {L'\'etalon de {Fabry-Perot} sph\'erique},
    year = 1958,
}

